<record><leader>00000cas a2200000 a 4500</leader><controlfield tag="001">32177905</controlfield><controlfield tag="008">950321d19801984nyuwr ne      0    0eng c</controlfield><datafield ind1=" " ind2=" " tag="010"><subfield code="a">sn 96083508 </subfield></datafield><datafield ind1=" " ind2=" " tag="040"><subfield code="a">NYS</subfield><subfield code="b">eng</subfield><subfield code="c">NYS</subfield><subfield code="d">OCLCQ</subfield><subfield code="d">OCLCF</subfield><subfield code="d">OCLCO</subfield></datafield><datafield ind1="1" ind2=" " tag="029"><subfield code="a">AU@</subfield><subfield code="b">000014354779</subfield></datafield><datafield ind1=" " ind2=" " tag="042"><subfield code="a">pcc</subfield></datafield><datafield ind1=" " ind2=" " tag="043"><subfield code="a">n-us-ny</subfield></datafield><datafield ind1="0" ind2=" " tag="130"><subfield code="a">Long Island local news (Malverne, N.Y.)</subfield></datafield><datafield ind1="1" ind2="4" tag="245"><subfield code="a">The Long Island local news.</subfield></datafield><datafield ind1="3" ind2="0" tag="246"><subfield code="a">Local news</subfield></datafield><datafield ind1=" " ind2=" " tag="260"><subfield code="a">Malverne [N.Y.] :</subfield><subfield code="b">Nassau Communications</subfield></datafield><datafield ind1=" " ind2=" " tag="300"><subfield code="a">v.</subfield></datafield><datafield ind1=" " ind2=" " tag="310"><subfield code="a">Weekly</subfield></datafield><datafield ind1="1" ind2=" " tag="362"><subfield code="a">Began in 1980?; ceased with the Jan. 5, 1984 issue?</subfield></datafield><datafield ind1=" " ind2=" " tag="588"><subfield code="a">Description based on: Vol. 2, no. 16 (Apr. 19-26, 1982).</subfield></datafield><datafield ind1=" " ind2=" " tag="588"><subfield code="a">Latest issue consulted: Apr. 29-May 3, 1983.</subfield></datafield><datafield ind1=" " ind2="0" tag="651"><subfield code="a">Malverne (N.Y.)</subfield><subfield code="v">Newspapers.</subfield></datafield><datafield ind1=" " ind2="0" tag="651"><subfield code="a">Hempstead (N.Y. : Town)</subfield><subfield code="v">Newspapers.</subfield></datafield><datafield ind1=" " ind2="0" tag="651"><subfield code="a">Nassau County (N.Y.)</subfield><subfield code="v">Newspapers.</subfield></datafield><datafield ind1=" " ind2="7" tag="655"><subfield code="a">Newspapers.</subfield><subfield code="2">fast</subfield><subfield code="0">(OCoLC)fst01423814</subfield></datafield><datafield ind1=" " ind2="7" tag="651"><subfield code="a">New York (State)</subfield><subfield code="z">Hempstead (Town)</subfield><subfield code="2">fast</subfield><subfield code="0">(OCoLC)fst01335394</subfield></datafield><datafield ind1=" " ind2="7" tag="651"><subfield code="a">New York (State)</subfield><subfield code="z">Malverne.</subfield><subfield code="2">fast</subfield><subfield code="0">(OCoLC)fst01259822</subfield></datafield><datafield ind1=" " ind2="7" tag="651"><subfield code="a">New York (State)</subfield><subfield code="z">Nassau County.</subfield><subfield code="2">fast</subfield><subfield code="0">(OCoLC)fst01205518</subfield></datafield><datafield ind1=" " ind2=" " tag="752"><subfield code="a">United States</subfield><subfield code="b">New York</subfield><subfield code="c">Nassau</subfield><subfield code="d">Malverne.</subfield></datafield><datafield ind1="0" ind2=" " tag="775"><subfield code="t">Local news (Malverne, N.Y.)</subfield><subfield code="w">(DLC)sn 83009188</subfield><subfield code="w">(OCoLC)9650511</subfield></datafield><datafield ind1="0" ind2="6" tag="785"><subfield code="t">Long Island local news (Malverne, N.Y. : Southwest Nassau ed.)</subfield><subfield code="w">(DLC)sn 96083507</subfield><subfield code="w">(OCoLC)32178187</subfield></datafield><datafield ind1="0" ind2="6" tag="785"><subfield code="t">Long Island local news (Malverne, N.Y. : Franklin Square/West Hempstead ed.)</subfield><subfield code="w">(DLC)sn 96083509</subfield><subfield code="w">(OCoLC)32178090</subfield></datafield></record>